{
  "leader": "03370cam a2200541Ia 4500",
  "fields": [
    {
      "001": "ocn501390193"
    },
    {
      "003": "OCoLC"
    },
    {
      "005": "20220106153852.0"
    },
    {
      "008": "090710s2010\\\\\\\\nyua\\\\\\\\\\b\\\\\\\\001\\0\\eng\\\\"
    },
    {
      "010": {
        "ind1": "\\",
        "ind2": "\\",
        "subfields": [
          {
            "a": "  2009932415"
          }
        ]
      }
    },
    {
      "040": {
        "ind1": "\\",
        "ind2": "\\",
        "subfields": [
          {
            "a": "UKM"
          },
          {
            "b": "eng"
          },
          {
            "c": "DLC"
          },
          {
            "d": "UKM"
          },
          {
            "d": "STF"
          },
          {
            "d": "YDXCP"
          },
          {
            "d": "HEBIS"
          },
          {
            "d": "MUU"
          },
          {
            "d": "UKMGB"
          },
          {
            "d": "OCLCF"
          },
          {
            "d": "CHVBK"
          },
          {
            "d": "BTCTA"
          },
          {
            "d": "OCLCQ"
          },
          {
            "d": "OCL"
          },
          {
            "d": "CDX"
          },
          {
            "d": "OCLCQ"
          },
          {
            "d": "SWESH"
          },
          {
            "d": "I8M"
          },
          {
            "d": "OCLCO"
          },
          {
            "d": "OCLCQ"
          },
          {
            "d": "OCLCA"
          }
        ]
      }
    },
    {
      "016": {
        "ind1": "7",
        "ind2": "\\",
        "subfields": [
          {
            "a": "994589166"
          },
          {
            "2": "DE-101"
          }
        ]
      }
    },
    {
      "016": {
        "ind1": "7",
        "ind2": "\\",
        "subfields": [
          {
            "a": "015357522"
          },
          {
            "2": "Uk"
          }
        ]
      }
    },
    {
      "019": {
        "ind1": "\\",
        "ind2": "\\",
        "subfields": [
          {
            "a": "434563428"
          }
        ]
      }
    },
    {
      "020": {
        "ind1": "\\",
        "ind2": "\\",
        "subfields": [
          {
            "a": "9781441910776"
          },
          {
            "q": "(hbk.)"
          }
        ]
      }
    },
    {
      "020": {
        "ind1": "\\",
        "ind2": "\\",
        "subfields": [
          {
            "a": "1441910778"
          },
          {
            "q": "(hbk.)"
          }
        ]
      }
    },
    {
      "020": {
        "ind1": "\\",
        "ind2": "\\",
        "subfields": [
          {
            "a": "1441910786"
          },
          {
            "q": "(ebk.)"
          }
        ]
      }
    },
    {
      "020": {
        "ind1": "\\",
        "ind2": "\\",
        "subfields": [
          {
            "a": "9781441910783"
          },
          {
            "q": "(ebk.)"
          }
        ]
      }
    },
    {
      "035": {
        "ind1": "\\",
        "ind2": "\\",
        "subfields": [
          {
            "a": "(OCoLC)501390193"
          },
          {
            "z": "(OCoLC)434563428"
          }
        ]
      }
    },
    {
      "042": {
        "ind1": "\\",
        "ind2": "\\",
        "subfields": [
          {
            "a": "ukblcatcopy"
          },
          {
            "a": "lccopycat"
          }
        ]
      }
    },
    {
      "043": {
        "ind1": "\\",
        "ind2": "\\",
        "subfields": [
          {
            "a": "n-mx---"
          }
        ]
      }
    },
    {
      "050": {
        "ind1": "0",
        "ind2": "0",
        "subfields": [
          {
            "a": "HN120.Z9"
          },
          {
            "b": "V646 2010"
          }
        ]
      }
    },
    {
      "082": {
        "ind1": "0",
        "ind2": "4",
        "subfields": [
          {
            "a": "306.0972"
          },
          {
            "b": "MEX"
          }
        ]
      }
    },
    {
      "245": {
        "ind1": "0",
        "ind2": "0",
        "subfields": [
          {
            "a": "Mexican solidarity :"
          },
          {
            "b": "citizen participation and volunteering /"
          },
          {
            "c": "Jacqueline Butcher editor."
          }
        ]
      }
    },
    {
      "260": {
        "ind1": "\\",
        "ind2": "\\",
        "subfields": [
          {
            "a": "New York :"
          },
          {
            "b": "Springer,"
          },
          {
            "c": "\u00a92010."
          }
        ]
      }
    },
    {
      "300": {
        "ind1": "\\",
        "ind2": "\\",
        "subfields": [
          {
            "a": "xv, 236 pages :"
          },
          {
            "b": "illustrations ;"
          },
          {
            "c": "24 cm"
          }
        ]
      }
    },
    {
      "336": {
        "ind1": "\\",
        "ind2": "\\",
        "subfields": [
          {
            "a": "text"
          },
          {
            "b": "txt"
          },
          {
            "2": "rdacontent"
          }
        ]
      }
    },
    {
      "337": {
        "ind1": "\\",
        "ind2": "\\",
        "subfields": [
          {
            "a": "unmediated"
          },
          {
            "b": "n"
          },
          {
            "2": "rdamedia"
          }
        ]
      }
    },
    {
      "338": {
        "ind1": "\\",
        "ind2": "\\",
        "subfields": [
          {
            "a": "volume"
          },
          {
            "b": "nc"
          },
          {
            "2": "rdacarrier"
          }
        ]
      }
    },
    {
      "504": {
        "ind1": "\\",
        "ind2": "\\",
        "subfields": [
          {
            "a": "Includes bibliographical references and index."
          }
        ]
      }
    },
    {
      "505": {
        "ind1": "0",
        "ind2": "\\",
        "subfields": [
          {
            "a": "Conceptual Framework for Volunteer Action and Acts of Solidarity / Jacqueline Butcher -- Graphic \"Acts of Solidarity in Mexico\" (Analysis of the National Survey on Solidarity and Volunteer Action) / Gustavo Verduzco -- How to Become a Volunteer? / Mari\u0301a Guadalupe Serna -- The Concept of Giving in Mexico / Jacqueline Butcher -- Nonprofit Organizations in Mexico: Case Studies / Mari\u0301a Guadalupe Serna -- Findings, Challenges, and Implications / Jacqueline Butcher, Gustavo Verduzco, Mari\u0301a Guadalupe Serna, and Ernesto Benavides."
          }
        ]
      }
    },
    {
      "520": {
        "ind1": "\\",
        "ind2": "\\",
        "subfields": [
          {
            "a": "\"This comprehensive volume presents research on Mexican practices of solidarity where citizens were engaged in working towards helping others voluntarily. It set out to investigate the nature and quality of the work and time that volunteers give towards obtaining the common good, in a country where the awareness of the importance of social capital needs to be reinforced for the development of democracy. The purpose of this research was not only to present numbers, facts, and data on a national scale but also to explore the depths of citizen participation in the everyday lives and activities of the Mexican population. Mexico's Solidarity provides a strong contribution by finding ways to promote and maintain social cohesion through the best volunteer practices. The techniques and findings of this case study on Mexico provide a valuable contribution to the Nonprofit and Third Sector research internationally.\"--Publisher's website."
          }
        ]
      }
    },
    {
      "650": {
        "ind1": "\\",
        "ind2": "0",
        "subfields": [
          {
            "a": "Voluntarism"
          },
          {
            "z": "Mexico."
          }
        ]
      }
    },
    {
      "650": {
        "ind1": "\\",
        "ind2": "0",
        "subfields": [
          {
            "a": "Civil society"
          },
          {
            "z": "Mexico."
          }
        ]
      }
    },
    {
      "650": {
        "ind1": "\\",
        "ind2": "0",
        "subfields": [
          {
            "a": "Social participation"
          },
          {
            "z": "Mexico."
          }
        ]
      }
    },
    {
      "651": {
        "ind1": "\\",
        "ind2": "0",
        "subfields": [
          {
            "a": "Mexico"
          },
          {
            "x": "Social conditions"
          },
          {
            "y": "1970-"
          }
        ]
      }
    },
    {
      "650": {
        "ind1": "\\",
        "ind2": "0",
        "subfields": [
          {
            "a": "Solidarity"
          },
          {
            "z": "Mexico."
          }
        ]
      }
    },
    {
      "650": {
        "ind1": "\\",
        "ind2": "7",
        "subfields": [
          {
            "a": "Solidarity."
          },
          {
            "2": "fast"
          },
          {
            "0": "(OCoLC)fst01125481"
          }
        ]
      }
    },
    {
      "650": {
        "ind1": "\\",
        "ind2": "7",
        "subfields": [
          {
            "a": "Civil society."
          },
          {
            "2": "fast"
          },
          {
            "0": "(OCoLC)fst00862876"
          }
        ]
      }
    },
    {
      "650": {
        "ind1": "\\",
        "ind2": "7",
        "subfields": [
          {
            "a": "Social conditions"
          },
          {
            "2": "fast"
          },
          {
            "0": "(OCoLC)fst01919811"
          }
        ]
      }
    },
    {
      "650": {
        "ind1": "\\",
        "ind2": "7",
        "subfields": [
          {
            "a": "Social participation."
          },
          {
            "2": "fast"
          },
          {
            "0": "(OCoLC)fst01122699"
          }
        ]
      }
    },
    {
      "650": {
        "ind1": "\\",
        "ind2": "7",
        "subfields": [
          {
            "a": "Voluntarism."
          },
          {
            "2": "fast"
          },
          {
            "0": "(OCoLC)fst01168976"
          }
        ]
      }
    },
    {
      "651": {
        "ind1": "\\",
        "ind2": "7",
        "subfields": [
          {
            "a": "Mexico."
          },
          {
            "2": "fast"
          },
          {
            "0": "(OCoLC)fst01211700"
          }
        ]
      }
    },
    {
      "648": {
        "ind1": "\\",
        "ind2": "7",
        "subfields": [
          {
            "a": "Since 1970"
          },
          {
            "2": "fast"
          }
        ]
      }
    },
    {
      "700": {
        "ind1": "1",
        "ind2": "\\",
        "subfields": [
          {
            "a": "Butcher, Jacqueline."
          }
        ]
      }
    },
    {
      "994": {
        "ind1": "\\",
        "ind2": "\\",
        "subfields": [
          {
            "a": "Z0"
          },
          {
            "b": "NYRVC"
          }
        ]
      }
    },
    {
      "948": {
        "ind1": "\\",
        "ind2": "\\",
        "subfields": [
          {
            "h": "NO HOLDINGS IN NYRVC - 51 OTHER HOLDINGS"
          }
        ]
      }
    },
    {
      "999": {
        "ind1": "\\",
        "ind2": "\\",
        "subfields": [
          {
            "a": "00000000018573"
          }
        ]
      }
    }
  ]
}